@misc{objectdetection,
  author = {Papers With Code},
  title = {Object detection},
  howpublished = "\url{https://paperswithcode.com/task/object-detection}"
}

@article{rcnn,
  title={Rich feature hierarchies for accurate object detection and semantic segmentation},
  author={Ross Girshick and Jeff Donahue and Trevor Darrell and Jitendra Malik},
  journal={UC Berkeley},
  year={2014},
}

@article{fastrcnn,
  title={Fast \uppercase{r-cnn}},
  author={Ross Girshick},
  journal={2015 IEEE International Conference on Computer Vision (ICCV)},
  year={2015},
  publisher={IEEE},
}

@article{compare,
  title={Evaluation and \uppercase{E}volution of \uppercase{O}bject \uppercase{D}etection
Techniques \uppercase{YOLO} and \uppercase{R-CNN}},
  author={K G Shreyas Dixit et al.},
  journal={International Journal of Recent Technology and Engineering (IJRTE)},
  year={2019},
  publisher={Blue Eyes Intelligence Engineering
& Sciences Publication},
}

@article{fastercnn,
  title={Faster R-CNN: Towards Real-Time Object Detection with Region Proposal Networks},
  author={Shaoqing Ren et al.},
  journal={Advances in Neural Information Processing Systems 28 (NIPS 2015)},
  year={2015},
}

@misc{dataset,
  author = {University of Pennsylvania},
  title = {Penn-Fudan Database for Pedestrian Detection and Segmentation},
  howpublished = "\url{https://www.cis.upenn.edu/~jshi/ped_html/}"
}

@misc{slide,
  author = {Stanford University},
  title = {Lecture 11: Detection and Segmentation},
  year = {2017},
  howpublished = "\url{http://cs231n.stanford.edu/slides/2017/cs231n_2017_lecture11.pdf}"
  
}

@article{reasontousehogsvm,
    author = {Hilton Bristow and Simon Lucey},
    title = {Why do linear SVMs trained on HOG features perform so well?.},
    year = {2014},
    month = {06},
    journal={},
}

@article{HOG&SVMped,
    author = {May Thu et al.},
    title = {Pedestrian Detection using Linear SVM Classifier with HOG Features},
    year = {2018},
    journal = {Asia Pacific Conference on Robot IoT System Development and Platform 2018 (APRIS2018)}
}